@article{xylomenos2014survey,
  title={A survey of information-centric networking research},
  author={Xylomenos, George and Ververidis, Christopher N and Siris, Vasilios A and Fotiou, Nikos and Tsilopoulos, Christos and Vasilakos, Xenofon and Katsaros, Konstantinos V and Polyzos, George C},
  journal={IEEE Communications Surveys \& Tutorials},
  volume={16},
  number={2},
  pages={1024--1049},
  year={2014},
  publisher={IEEE}
}
