@article{muller2009future,
  title={Future Internet Architecture--A Service Oriented ApproachFuture Internet Architecture--Ein serviceorientierter Ansatz},
  author={M{\"u}ller, Paul and Reuther, Bernd},
  journal={it-Information Technology},
  volume={50},
  number={6},
  pages={383--389},
  year={2009}
}

@article{ahlgren2012survey,
  title={A survey of information-centric networking},
  author={Ahlgren, Bengt and Dannewitz, Christian and Imbrenda, Claudio and Kutscher, Dirk and Ohlman, Borje},
  journal={IEEE Communications Magazine},
  volume={50},
  number={7},
  year={2012},
  publisher={IEEE}
}

@misc{nsf10528,
  title = {Future Internet Architectures (FIA) nsf10528},
  howpublished = {https://www.nsf.gov/pubs/2010/nsf10528/nsf10528.htm}},
  note = {Accessed: 2017-04-26}
}

@misc{nsf13538,
  title = {Future Internet Architectures -- Next Phase (FIA-NP) (nsf13538)},
  howpublished = {https://www.nsf.gov/pubs/2013/nsf13538/nsf13538.htm}},
  note = {Accessed: 2017-04-26}
}

@article{jacobson2006new,
  title={A new way to look at networking},
  author={Jacobson, Van},
  journal={Google Tech Talk},
  volume={30},
  year={2006}
}

@article{xylomenos2014survey,
  title={A survey of information-centric networking research},
  author={Xylomenos, George and Ververidis, Christopher N and Siris, Vasilios A and Fotiou, Nikos and Tsilopoulos, Christos and Vasilakos, Xenofon and Katsaros, Konstantinos V and Polyzos, George C},
  journal={IEEE Communications Surveys \& Tutorials},
  volume={16},
  number={2},
  pages={1024--1049},
  year={2014},
  publisher={IEEE}
}

@techreport{kutscher2016information,
  title={Information-centric networking (icn) research challenges},
  author={Kutscher, Dirk and Eum, Suyong and Pentikousis, Kostas and Psaras, Ioannis and Corujo, Daniel and Saucez, Damien and Schmidt, T and Waehlisch, Matthias},
  year={2016}
}

@inproceedings{jacobson2009networking,
  title={Networking named content},
  author={Jacobson, Van and Smetters, Diana K and Thornton, James D and Plass, Michael F and Briggs, Nicholas H and Braynard, Rebecca L},
  booktitle={Proceedings of the 5th international conference on Emerging networking experiments and technologies},
  pages={1--12},
  year={2009},
  organization={ACM}
}

@misc{named_data_networking,
	title = {Named Data Networking: Executive Summary - Named Data Networking (NDN)},
	howpublished = {	https://named-data.net/project/execsummary/}},
note = {Accessed: 2017-04-26}
}
@inproceedings{altingovde2009cost,
	title={A cost-aware strategy for query result caching in web search engines},
	author={Altingovde, Ismail Sengor and Ozcan, Rifat and Ulusoy, {\"O}zg{\"u}r},
	booktitle={European Conference on Information Retrieval},
	pages={628--636},
	year={2009},
	organization={Springer}
}

@article{aggarwal1999caching,
	title={Caching on the world wide web},
	author={Aggarwal, Charu and Wolf, Joel L and Yu, Philip S.},
	journal={IEEE Transactions on Knowledge and data Engineering},
	volume={11},
	number={1},
	pages={94--107},
	year={1999},
	publisher={IEEE}
}

@article{wang1999survey,
	title={A survey of web caching schemes for the internet},
	author={Wang, Jia},
	journal={ACM SIGCOMM Computer Communication Review},
	volume={29},
	number={5},
	pages={36--46},
	year={1999},
	publisher={ACM}
}

@inproceedings{baeza2007admission,
	title={Admission policies for caches of search engine results},
	author={Baeza-Yate, Ricardo and Junqueira, Flavio and Plachouras, Vassilis and Witschel, Hans Friedrich},
	booktitle={International Symposium on String Processing and Information Retrieval},
	pages={74--85},
	year={2007},
	organization={Springer}
}

@article{gomez2014servicios,
	title={Servicios de cache distribuidos para motores de b{\'u}squeda web},
	author={G{\'o}mez Pantoja, Carlos Luis},
	year={2014},
	publisher={u}
}

@inproceedings{gan2009improved,
	title={Improved techniques for result caching in web search engines},
	author={Gan, Qingqing and Suel, Torsten},
	booktitle={Proceedings of the 18th international conference on World wide web},
	pages={431--440},
	year={2009},
	organization={ACM}
}

@inproceedings{cambazoglu2010refreshing,
	title={A refreshing perspective of search engine caching},
	author={Cambazoglu, Berkant Barla and Junqueira, Flavio P and Plachouras, Vassilis and Banachowski, Scott and Cui, Baoqiu and Lim, Swee and Bridge, Bill},
	booktitle={Proceedings of the 19th international conference on World wide web},
	pages={181--190},
	year={2010},
	organization={ACM}
}

@article{zhang2013two,
	title={A two-level cache for distributed information retrieval in search engines},
	author={Zhang, Weizhe and He, Hui and Ye, Jianwei},
	journal={The Scientific World Journal},
	volume={2013},
	year={2013},
	publisher={Hindawi Publishing Corporation}
}

@article{markatos2001caching,
	title={On caching search engine query results},
	author={Markatos, Evangelos P.},
	journal={Computer Communications},
	volume={24},
	number={2},
	pages={137--143},
	year={2001},
	publisher={Elsevier}
}

@article{ozcan2012five,
	title={A five-level static cache architecture for web search engines},
	author={Ozcan, Rifat and Altingovde, I Sengor and Cambazoglu, B Barla and Junqueira, Flavio P and Ulusoy, {\"O}Zg{\"u}R},
	journal={Information Processing \& Management},
	volume={48},
	number={5},
	pages={828--840},
	year={2012},
	publisher={Elsevier}
}

@article{kumar2008new,
	title={A new approach for a proxy-level web caching mechanism},
	author={Kumar, Chetan and Norris, John B},
	journal={Decision Support Systems},
	volume={46},
	number={1},
	pages={52--60},
	year={2008},
	publisher={Elsevier}
}

@book{zipf2013psycho,
	title={The psycho-biology of language: An introduction to dynamic philology},
	author={Zipf, George Kingsley},
	year={2013},
	publisher={Routledge}
}

@book{zipf2016human,
	title={Human behavior and the principle of least effort: An introduction to human ecology},
	author={Zipf, George Kingsley},
	year={2016},
	publisher={Ravenio Books}
}

@inproceedings{baeza2012modeling,
	title={Modeling static caching in web search engines},
	author={Baeza-Yates, Ricardo and Jonassen, Simon},
	booktitle={European Conference on Information Retrieval},
	pages={436--446},
	year={2012},
	organization={Springer}
}

@inproceedings{cambazoglu2010refreshing,
	title={A refreshing perspective of search engine caching},
	author={Cambazoglu, Berkant Barla and Junqueira, Flavio P and Plachouras, Vassilis and Banachowski, Scott and Cui, Baoqiu and Lim, Swee and Bridge, Bill},
	booktitle={Proceedings of the 19th international conference on World wide web},
	pages={181--190},
	year={2010},
	organization={ACM}
}

@inproceedings{gan2009improved,
	title={Improved techniques for result caching in web search engines},
	author={Gan, Qingqing and Suel, Torsten},
	booktitle={Proceedings of the 18th international conference on World wide web},
	pages={431--440},
	year={2009},
	organization={ACM}
}

@inproceedings{lempel2003predictive,
	title={Predictive caching and prefetching of query results in search engines},
	author={Lempel, Ronny and Moran, Shlomo},
	booktitle={Proceedings of the 12th international conference on World Wide Web},
	pages={19--28},
	year={2003},
	organization={ACM}
}

@inproceedings{wang2013impact,
	title={The impact of solid state drive on search engine cache management},
	author={Wang, Jianguo and Lo, Eric and Yiu, Man Lung and Tong, Jiancong and Wang, Gang and Liu, Xiaoguang},
	booktitle={Proceedings of the 36th international ACM SIGIR conference on Research and development in information retrieval},
	pages={693--702},
	year={2013},
	organization={ACM}
}

@inproceedings{saraiva2001rank,
	title={Rank-preserving two-level caching for scalable search engines},
	author={Saraiva, Paricia Correia and Silva de Moura, Edleno and Ziviani, Novio and Meira, Wagner and Fonseca, Rodrigo and Riberio-Neto, Berthier},
	booktitle={Proceedings of the 24th annual international ACM SIGIR conference on Research and development in information retrieval},
	pages={51--58},
	year={2001},
	organization={ACM}
}

@inproceedings{xie2002locality,
	title={Locality in search engine queries and its implications for caching},
	author={Xie, Yinglian and O'Hallaron, David},
	booktitle={INFOCOM 2002. Twenty-First Annual Joint Conference of the IEEE Computer and Communications Societies. Proceedings. IEEE},
	volume={3},
	pages={1238--1247},
	year={2002},
	organization={IEEE}
}

@inproceedings{ran2013performance,
	title={On performance of cache policies in named data networking},
	author={Ran, Jianhua and Lv, Na and Zhang, Ding and Ma, Yuanyuan and Xie, Zhenyong},
	booktitle={International Conference on Advanced Computer Science and Electronics Information},
	pages={668--671},
	year={2013}
}

@inproceedings{tarnoi2014performance,
	title={Performance of probabilistic caching and cache replacement policies for content-centric networks},
	author={Tarnoi, Saran and Suksomboon, Kalika and Kumwilaisak, Wuttipong and Ji, Yusheng},
	booktitle={Local Computer Networks (LCN), 2014 IEEE 39th Conference on},
	pages={99--106},
	year={2014},
	organization={IEEE}
}

@article{singh2011two,
	title={Two Level Caching Techniques for Improving Result Ranking},
	author={Singh, Amarjeet and Hussain, Mohd and Ranjan, Rakesh},
	journal={Bharati Vidyapeethâ€™s Institute of Computer Applications and Management},
	pages={365},
	year={2011}
}

@article{rodriguez2001analysis,
	title={Analysis of web caching architectures: Hierarchical and distributed caching},
	author={Rodriguez, Pablo and Spanner, Christian and Biersack, Ernst W},
	journal={IEEE/ACM Transactions on Networking (TON)},
	volume={9},
	number={4},
	pages={404--418},
	year={2001},
	publisher={IEEE Press}
}

@book{sosa2002arquitectura,
	title={Arquitectura para la distribuci{\'o}n de documentos en un sistema distribuido a gran escala},
	author={Sosa, V{\'\i}ctor Jes{\'u}s Sosa and Moldes, Leandro Navarro},
	year={2002}
}

@article{podlipnig2003survey,
	title={A survey of web cache replacement strategies},
	author={Podlipnig, Stefan and B{\"o}sz{\"o}rmenyi, Laszlo},
	journal={ACM Computing Surveys (CSUR)},
	volume={35},
	number={4},
	pages={374--398},
	year={2003},
	publisher={ACM}
}

@article{wong2006web,
	title={Web cache replacement policies: a pragmatic approach},
	author={Wong, Kin-Yeung},
	journal={IEEE Network},
	volume={20},
	number={1},
	pages={28--34},
	year={2006},
	publisher={IEEE}
}

@book{nagaraj2004web,
	title={Web caching and its applications},
	author={Nagaraj, SV},
	volume={772},
	year={2004},
	publisher={Springer Science \& Business Media}
}

@article{chen2011time,
	title={Time-based query classification and its application for page rank},
	author={Chen, Z and Yang, H and Ma, J and Lei, J and Gao, H},
	journal={J Comput Info Sys},
	volume={7},
	pages={3149--3156},
	year={2011}
}

@inproceedings{lempel2003predictive,
	title={Predictive caching and prefetching of query results in search engines},
	author={Lempel, Ronny and Moran, Shlomo},
	booktitle={Proceedings of the 12th international conference on World Wide Web},
	pages={19--28},
	year={2003},
	organization={ACM}
}

@inproceedings{abrams1996removal,
	title={Removal policies in network caches for World-Wide Web documents},
	author={Abrams, Marc and Standridge, Charles R and Abdulla, Ghaleb and Fox, Edward A and Williams, Stephen},
	booktitle={Acm sigcomm computer communication review},
	volume={26},
	number={4},
	pages={293--305},
	year={1996},
	organization={ACM}
}

@article{bahn2002efficient,
	title={Efficient replacement of nonuniform objects in web caches},
	author={Bahn, Hyokyung and Koh, Kern and Noh, Sam H and Lyul, SM},
	journal={Computer},
	volume={35},
	number={6},
	pages={65--73},
	year={2002},
	publisher={IEEE}
}

@article{psaras2014network,
	title={In-network cache management and resource allocation for information-centric networks},
	author={Psaras, Ioannis and Chai, Wei Koong and Pavlou, George},
	journal={IEEE Transactions on Parallel and Distributed Systems},
	volume={25},
	number={11},
	pages={2920--2931},
	year={2014},
	publisher={IEEE}
}

@article{rossini2013evaluating,
	title={Evaluating CCN multi-path interest forwarding strategies},
	author={Rossini, Giuseppe and Rossi, Dario},
	journal={Computer Communications},
	volume={36},
	number={7},
	pages={771--778},
	year={2013},
	publisher={Elsevier}
}

@inproceedings{cho2012wave,
	title={Wave: Popularity-based and collaborative in-network caching for content-oriented networks},
	author={Cho, Kideok and Lee, Munyoung and Park, Kunwoo and Kwon, Ted Taekyoung and Choi, Yanghee and Pack, Sangheon},
	booktitle={Computer Communications Workshops (INFOCOM WKSHPS), 2012 IEEE Conference on},
	pages={316--321},
	year={2012},
	organization={IEEE}
}

@article{mun2017cache,
	title={Cache Sharing Using Bloom Filters in Named Data Networking},
	author={Mun, Ju Hyoung and Lim, Hyesook},
	journal={Journal of Network and Computer Applications},
	year={2017},
	publisher={Elsevier}
}

@article{Spring:2002:MIT:964725.633039,
	author = {Spring, Neil and Mahajan, Ratul and Wetherall, David},
	title = {Measuring ISP Topologies with Rocketfuel},
	journal = {SIGCOMM Comput. Commun. Rev.},
	issue_date = {October 2002},
	volume = {32},
	number = {4},
	month = aug,
	year = {2002},
	issn = {0146-4833},
	pages = {133--145},
	numpages = {13},
	url = {http://doi.acm.org/10.1145/964725.633039},
	doi = {10.1145/964725.633039},
	acmid = {633039},
	publisher = {ACM},
	address = {New York, NY, USA},
} 

@article{ZHANG20133128,
	title = "Caching in information centric networking: A survey",
	journal = "Computer Networks",
	volume = "57",
	number = "16",
	pages = "3128 - 3141",
	year = "2013",
	note = "Information Centric Networking",
	issn = "1389-1286",
	doi = "http://dx.doi.org/10.1016/j.comnet.2013.07.007",
	url = "http://www.sciencedirect.com/science/article/pii/S1389128613002235",
	author = "Guoqiang Zhang and Yang Li and Tao Lin",
	keywords = "Information-centric networking",
	keywords = "In-network cache",
	keywords = "Cache coordination",
	keywords = "Cache decision",
	keywords = "Object availability"
}

@inproceedings{einziger2014tinylfu,
	title={Tinylfu: A highly efficient cache admission policy},
	author={Einziger, Gil and Friedman, Roy},
	booktitle={Parallel, Distributed and Network-Based Processing (PDP), 2014 22nd Euromicro International Conference on},
	pages={146--153},
	year={2014},
	organization={IEEE}
}

@book{mossberger2007digital,
	title={Digital citizenship: The Internet, society, and participation},
	author={Mossberger, Karen and Tolbert, Caroline J and McNeal, Ramona S},
	year={2007},
	publisher={MIt Press}
}
