@article{muller2009future,
  title={Future Internet Architecture--A Service Oriented ApproachFuture Internet Architecture--Ein serviceorientierter Ansatz},
  author={M{\"u}ller, Paul and Reuther, Bernd},
  journal={it-Information Technology},
  volume={50},
  number={6},
  pages={383--389},
  year={2009}
}

@article{ahlgren2012survey,
  title={A survey of information-centric networking},
  author={Ahlgren, Bengt and Dannewitz, Christian and Imbrenda, Claudio and Kutscher, Dirk and Ohlman, Borje},
  journal={IEEE Communications Magazine},
  volume={50},
  number={7},
  year={2012},
  publisher={IEEE}
}

@misc{nsf10528,
  title = {Future Internet Architectures (FIA) nsf10528},
  howpublished = {https://www.nsf.gov/pubs/2010/nsf10528/nsf10528.htm}},
  note = {Accessed: 2017-04-26}
}

@misc{nsf13538,
  title = {Future Internet Architectures -- Next Phase (FIA-NP) (nsf13538)},
  howpublished = {https://www.nsf.gov/pubs/2013/nsf13538/nsf13538.htm}},
  note = {Accessed: 2017-04-26}
}

@article{jacobson2006new,
  title={A new way to look at networking},
  author={Jacobson, Van},
  journal={Google Tech Talk},
  volume={30},
  year={2006}
}

@article{xylomenos2014survey,
  title={A survey of information-centric networking research},
  author={Xylomenos, George and Ververidis, Christopher N and Siris, Vasilios A and Fotiou, Nikos and Tsilopoulos, Christos and Vasilakos, Xenofon and Katsaros, Konstantinos V and Polyzos, George C},
  journal={IEEE Communications Surveys \& Tutorials},
  volume={16},
  number={2},
  pages={1024--1049},
  year={2014},
  publisher={IEEE}
}

@techreport{kutscher2016information,
  title={Information-centric networking (icn) research challenges},
  author={Kutscher, Dirk and Eum, Suyong and Pentikousis, Kostas and Psaras, Ioannis and Corujo, Daniel and Saucez, Damien and Schmidt, T and Waehlisch, Matthias},
  year={2016}
}

@inproceedings{jacobson2009networking,
  title={Networking named content},
  author={Jacobson, Van and Smetters, Diana K and Thornton, James D and Plass, Michael F and Briggs, Nicholas H and Braynard, Rebecca L},
  booktitle={Proceedings of the 5th international conference on Emerging networking experiments and technologies},
  pages={1--12},
  year={2009},
  organization={ACM}
}

@misc{named_data_networking,
	title = {Named Data Networking: Executive Summary - Named Data Networking (NDN)},
	howpublished = {	https://named-data.net/project/execsummary/}},
note = {Accessed: 2017-04-26}
}
@inproceedings{altingovde2009cost,
	title={A cost-aware strategy for query result caching in web search engines},
	author={Altingovde, Ismail Sengor and Ozcan, Rifat and Ulusoy, {\"O}zg{\"u}r},
	booktitle={European Conference on Information Retrieval},
	pages={628--636},
	year={2009},
	organization={Springer}
}

@article{aggarwal1999caching,
	title={Caching on the world wide web},
	author={Aggarwal, Charu and Wolf, Joel L and Yu, Philip S.},
	journal={IEEE Transactions on Knowledge and data Engineering},
	volume={11},
	number={1},
	pages={94--107},
	year={1999},
	publisher={IEEE}
}

@article{wang1999survey,
	title={A survey of web caching schemes for the internet},
	author={Wang, Jia},
	journal={ACM SIGCOMM Computer Communication Review},
	volume={29},
	number={5},
	pages={36--46},
	year={1999},
	publisher={ACM}
}

